<?xml version="1.0" encoding="UTF-8"?>
<collection xmlns:xsi="http://www.w3.org/2001/XMLSchema-instance" xsi:schemaLocation="http://www.loc.gov/MARC21/slim http://www.loc.gov/standards/marcxml/schema/MARC21slim.xsd" xmlns="http://www.loc.gov/MARC21/slim">
<record>
  <leader>01273cam a2200289Ia 4500</leader>
  <controlfield tag="001">5597998</controlfield>
  <controlfield tag="003">NNC</controlfield>
  <controlfield tag="005">20160718182517.0</controlfield>
  <controlfield tag="008">860710s1968    iq       b   f000 0 ara  </controlfield>
  <datafield tag="010" ind1=" " ind2=" ">
    <subfield code="a">   76970326 </subfield>
  </datafield>
  <datafield tag="035" ind1=" " ind2=" ">
    <subfield code="a">(OCoLC)ocm13848334</subfield>
  </datafield>
  <datafield tag="035" ind1=" " ind2=" ">
    <subfield code="a">(NNC)5597998</subfield>
  </datafield>
  <datafield tag="040" ind1=" " ind2=" ">
    <subfield code="a">DLC</subfield>
    <subfield code="c">WAU</subfield>
    <subfield code="d">WAU</subfield>
    <subfield code="d">ZCU</subfield>
  </datafield>
  <datafield tag="043" ind1=" " ind2=" ">
    <subfield code="a">a-iq---</subfield>
  </datafield>
  <datafield tag="050" ind1="0" ind2=" ">
    <subfield code="a">Q149.I72</subfield>
    <subfield code="b">Z34</subfield>
  </datafield>
  <datafield tag="100" ind1="1" ind2=" ">
    <subfield code="a">Zawbaʻī, ʻAbd al-Jalīl.</subfield>
  </datafield>
  <datafield tag="245" ind1="1" ind2="0">
    <subfield code="a">Mustaqbal khirrījī al-dirāsāt al-ʻilmīyah bi-al-jāmiʻah fī al-ʻIrāq /</subfield>
    <subfield code="c">iʻdād, ʻAbd al-Jalīl al-Zawbaʻī, Muḥammad Aḥmad al-Ghannām.</subfield>
  </datafield>
  <datafield tag="260" ind1=" " ind2=" ">
    <subfield code="a">Baghdād :</subfield>
    <subfield code="b">Dār al-Jumhūrīyah,</subfield>
    <subfield code="c">1968.</subfield>
  </datafield>
  <datafield tag="300" ind1=" " ind2=" ">
    <subfield code="a">27 p. ;</subfield>
    <subfield code="c">24 cm.</subfield>
  </datafield>
  <datafield tag="490" ind1="1" ind2=" ">
    <subfield code="a">Majlis al-Takhṭīṭ lil-Tarbiyah wa-al-Tanmiyah al-Ijtimāʻīyah, al-Sikritārīyah al-ʻĀmmah ;</subfield>
    <subfield code="v">2</subfield>
  </datafield>
  <datafield tag="500" ind1=" " ind2=" ">
    <subfield code="a">At head of title: Majlis al-Takhṭīṭ lil-Tarbiyah wa-al-Tanmiyah al-Ijtimāʻīyah, al-Sikritārīyah al-ʻĀmmah, (2).</subfield>
  </datafield>
  <datafield tag="504" ind1=" " ind2=" ">
    <subfield code="a">Includes bibliographical references.</subfield>
  </datafield>
  <datafield tag="650" ind1=" " ind2="0">
    <subfield code="a">Scientists</subfield>
    <subfield code="x">Employment</subfield>
    <subfield code="z">Iraq.</subfield>
  </datafield>
  <datafield tag="650" ind1=" " ind2="0">
    <subfield code="a">College graduates</subfield>
    <subfield code="x">Employment</subfield>
    <subfield code="z">Iraq.</subfield>
  </datafield>
  <datafield tag="700" ind1="1" ind2=" ">
    <subfield code="a">Ghannām, Muḥammad Ahmad.</subfield>
  </datafield>
  <datafield tag="830" ind1=" " ind2="0">
    <subfield code="a">Majlis al-Takhṭīṭ lil-Tarbiyah wa-al-Tanmiyah al-Ijtimāʻīyah, al-Sikritārīyah al-ʻĀmmah ;</subfield>
    <subfield code="v">2.</subfield>
  </datafield>
  <datafield tag="955" ind1=" " ind2=" ">
    <subfield code="b">0026810360</subfield>
    <subfield code="d">leh</subfield>
    <subfield code="e">LA1465 .I8 v.1-2</subfield>
  </datafield>
</record>
</collection>